@book{Term,
    title={{Term Rewriting and All That}},
    author={Baader, F. and Nipkow, T.},
    year={1999},
    publisher={Cambridge University Press}
}

@incollection{anantharaman2012unification,
    title={{Unification modulo chaining}},
    author={Anantharaman, S. and Bouchard, C. and Narendran, P. and Rusinowitch, M.},
    booktitle={Language and Automata Theory and Applications},
    pages={70--82},
    year={2012},
    publisher={Springer}
}

@incollection{BaaderSnyd-01,
    title={{Unification Theory}},
    editor={J. A. Robinson and A. Voronkov},
    booktitle={{Handbook of Automated Reasoning}},
    pages={440--526},
    author={Baader, F. and Snyder, W.},
    year={1999},
    publisher={Elsevier Science Publishers BV}
}

@article{jouannaud1991solving,
  title={{Solving Equations in Abstract Algebras: A rule-based survey of unification}},
  author={Jouannaud, J.P. and Kirchner, C.},
  journal={Computational Logic: Essays in Honor of Alan Robinson},
  pages={360--394},
  year={1991},
  publisher={MIT-Press}
}

@book{clavel2011maude,
  title={{Maude Manual (Version 2.6)}},
  author={Clavel, M. and Dur{\'a}n, F. and Eker, S. and Lincoln, P. and Mart{\'i}-Oliet, N. and Meseguer, J. and Talcott, C.},
  publisher={University of Illinois, Urbana-Champaign},
  year={2011}
}

@incollection{escobar2009maude,
  title={{Maude-NPA: Cryptographic Protocol Analysis Modulo Equational Properties}},
  author={Escobar, S. and Meadows, C. and Meseguer, J.},
  booktitle={Foundations of Security Analysis and Design V},
  pages={1--50},
  year={2009},
  publisher={Springer}
}

%TODO: Make this reference work properly.
@misc{ekr2011security,
    title={{Security impact of the Rizzo/Duong CBC "BEAST" attack}},
    author={Rescorla, E.},
    howpublished={\url{http://www.educatedguesswork.org/2011/09/security_impact_of_the_rizzodu.html}},
    year={2011},
    note={[Online; accessed 29 August 2013]}
}

@techreport{rfc5246,
    title={{RFC 5246: The Transport Layer Security (TLS) Protocol, Version 1.2}},
    author={Dierks, T. and Rescorla, E.},
    url={http://tools.ietf.org/html/rfc5246},
    howpublished={\url{http://tools.ietf.org/html/rfc5246}},
    institution={Network Working Group},
    year={2003}
}


